2924 4882
616 303 861 367 -346-

483 479 513 552 t
559 479 634 566 Stat.
657 478 807 568 iactato
831 493 870 548 ou
893 474 930 552 a.
954 474 992 552 a.
1105 495 1148 550 re.
1158 495 1239 565 aare
1248 494 1327 553 1548..

427 602 567 674 [Reipglger
586 602 721 660 acrabbi.
759 599 1055 670 Cod.222f01.22b.]
1386 623 1389 628 ·

240 727 327 793 Quam
345 728 440 782 vellem
458 728 588 783 mansisse
607 730 634 780 te
654 728 785 798 usquein
804 727 875 781 hanc
885 725 955 780 diem
965 725 1107 794 Augustae
1117 726 1327 792 vindelicorum,

151 817 233 873 ctiam
252 833 313 870 cum
330 816 500 871 fortunarum
517 820 626 870 tuarum
645 817 741 870 damno
759 816 856 884 aliquo,
875 815 1006 884 principio
1025 818 1057 869 ut
1065 815 1231 881 habuissem,
1251 813 1329 882 cujus

151 906 260 958 consilio
278 907 306 959 in
326 906 406 959 rebus
425 906 547 958 maximis
567 908 648 974 atque
666 904 841 972 gravissimis,
861 903 895 958 ad
913 921 980 972 quas
999 907 1062 973 post
1080 908 1161 964 tuum
1179 903 1328 957 discessum

151 993 288 1051 adhibitus
306 1011 375 1061 sum,
401 1010 462 1048 cum
487 995 547 1048 aliis
572 994 741 1062 quibusdam,
767 993 809 1046 uti
834 995 863 1046 et
886 1008 949 1046 cum
974 1010 1027 1063 quo
1052 992 1084 1048 de
1104 994 1184 1046 rebus
1204 993 1329 1046 omnibus

150 1082 222 1139 bona
239 1081 291 1135 fide
310 1083 506 1136 communicare
524 1085 554 1136 et
567 1082 714 1136 deliberare
728 1083 885 1151 potuissem.
912 1081 1015 1140 Deinde
1023 1083 1113 1147 otiam,
1133 1085 1165 1136 ut
1181 1085 1216 1135 tu
1231 1097 1329 1149 cogno·

150 1170 235 1224 vissae
254 1187 367 1237 mecum,
387 1188 467 1240 qnam
485 1170 631 1224 fenestram
659 1172 795 1240 aperuerit
813 1170 886 1224 Deus
906 1171 1050 1237 Evangelio
1067 1169 1172 1224 Christi
1191 1168 1329 1232 dilatando

150 1259 180 1312 in
198 1261 256 1312 tota
274 1258 425 1315 Germania.
461 1261 534 1313 Nam
551 1277 629 1329 spero
648 1258 762 1326 confore,
782 1263 813 1312 ut
831 1263 889 1313 tota
908 1258 1050 1313 Germania
1069 1259 1187 1343 accipiat
1205 1259 1329 1325 Evange-

150 1348 217 1400 lium
236 1348 340 1415 gratiae
360 1365 391 1401 ac
410 1349 510 1416 gloriae
528 1349 587 1402 Dei.
607 1349 748 1416 Evangelii
774 1348 923 1402 doctrinam
945 1348 1085 1402 nobiscum
1110 1346 1247 1400 docebunt
1266 1346 1329 1415 Epi·

152 1436 234 1504 scopi.
271 1436 356 1490 Missa
381 1438 434 1490 erit
452 1441 559 1491 tantum
578 1437 739 1490 sacrificinm
764 1437 1039 1502 commemorativnm‚
1066 1453 1120 1489 non
1148 1452 1201 1505 quo
1229 1437 1330 1488 iterum

152 1524 293 1580 deleantur
317 1529 437 1594 peccata,
464 1525 511 1579 sed
536 1543 588 1594 qno
616 1525 786 1580 recordemur
804 1527 883 1580 istius
903 1526 995 1593 magni
1014 1525 1140 1578 sacrificii
1158 1541 1208 1594 per
1227 1523 1330 1578 Christi

152 1614 312 1680 sanguinem
329 1615 460 1683 praestiti,
479 1618 511 1667 ut
529 1615 580 1669 hac
599 1616 725 1670 memoria
752 1616 916 1684 applicemus
942 1615 1018 1668 nobis
1045 1613 1141 1667 cotidie
1167 1613 1330 1666 beneficium

152 1703 316 1756 remissionis
334 1708 507 1773 peccatorum
522 1703 579 1772 jam
597 1705 660 1757 olim
679 1704 864 1758 commeritum
881 1704 911 1757 in
930 1719 1017 1769 cruce,
1036 1719 1085 1772 per
1100 1701 1180 1755 fidem
1200 1701 1330 1755 cordium.

152 1793 277 1847 Privatae
304 1793 401 1846 missae
429 1792 561 1859 desinent,
584 1796 711 1863 ¹populus
744 1794 851 1859 integra
878 1792 1049 1846 Eucharistia
1077 1791 1329 1846 communicabitur.

151 1880 342 1939 Sacerdotibus
361 1882 557 1950 permittuntur
574 1881 708 1949 conjugia.
743 1881 910 1935 Traditiones
929 1898 1019 1934 omnes
1038 1881 1077 1933 ita
1096 1881 1153 1933 sint
1169 1879 1280 1945 liberae,
1299 1882 1331 1931 ut
1401 1923 1403 1926 .

152 1956 260 2025 tantum
285 1969 318 2022 ad
346 1970 515 2039 disciplinam
539 1974 568 2023 et
587 1971 743 2024 exercitium
761 1969 823 2023 fidei
841 1971 928 2023 valere
948 1969 1072 2023 debeant.
1118 1968 1159 2021 De
1178 1967 1330 2022 Sanctissi

153 2057 218 2128 quid
237 2059 414 2113 abominabile
432 2060 579 2128 irrepserit,
599 2060 718 2125 tollatur,
738 2059 898 2126 corrigatur,
918 2057 1075 2111 emendatur
1093 2058 1195 2119 coactis
1213 2055 1330 2124 synodis.

153 2148 225 2201 Nam
243 2147 295 2200 duo
313 2147 459 2214 Electores,
486 2149 554 2202 Saxo
579 2152 608 2202 et
625 2147 905 2215 Brandenburgeneis‚
932 2148 970 2200 sic
997 2148 1070 2200 inter
1087 2163 1116 2199 se
1136 2148 1330 2212 convenerunt,

153 2237 185 2289 nt
207 2236 292 2304 primo
318 2252 424 2306 quoque
449 2239 569 2305 tempore
592 2253 674 2290 unam
700 2234 831 2304 synodum
849 2235 1011 2288 celebraturi
1038 2235 1101 2300 sint,
1127 2235 1156 2288 in
1182 2251 1237 2303 qua
1263 2234 1331 2288 hacc

153 2324 244 2379 ordine
263 2326 331 2378 bono
355 2328 383 2378 et
407 2330 575 2393 εὐσχημόνως
593 2325 721 2379 constitui
750 2324 874 2379 debeant.
910 2325 984 2377 Deus
1003 2326 1058 2393 opt.
1077 2340 1147 2377 mar.
1166 2322 1239 2376 adsit
1257 2321 1331 2391 operi

152 2429 200 2467 suo
219 2416 248 2466 et
266 2413 406 2466 confirmet
423 2414 482 2480 hoc,
509 2412 580 2484 quod
599 2416 724 2483 operatus
750 2413 838 2466 estin
856 2413 933 2466 nobis
953 2416 1063 2482 propter
1081 2412 1195 2480 gloriam
1214 2411 1330 2464 nominis

152 2500 203 2556 sui.
240 2501 335 2556 Amen.

241 2591 317 2644 Haec
335 2591 406 2645 volui
423 2591 452 2644 in
470 2592 559 2645 einum
584 2594 662 2646 tunm
684 2590 828 2657 effundere,
855 2593 920 2643 sunt
937 2591 1009 2644 enim
1028 2589 1116 2643 adhuc
1135 2589 1222 2642 tacita
1240 2591 1269 2641 et
1287 2604 1329 2642 oc·

153 2679 235 2735 culta
285 2679 454 2749 Quamquam
479 2681 550 2735 enim
575 2681 700 2751 Episcopi
723 2680 895 2733 vehementer
917 2679 981 2733 huic
1006 2679 1118 2746 negocio
1143 2677 1329 2742 adversentur,

152 2770 244 2825 tamen
262 2768 398 2837 piissimus
414 2767 525 2822 Carolus
544 2770 583 2823 sic
601 2786 688 2839 nuper
697 2785 741 2822 eos
758 2769 894 2834 tractavit,
914 2771 946 2821 ut
964 2768 1031 2821 nihil
1050 2767 1107 2836 spei
1125 2783 1204 2836 porro
1222 2767 1251 2819 in
1269 2782 1330 2819 eum

153 2857 282 2911 collocare
292 2860 402 2927 queant.
430 2858 553 2911 Dicerem
562 2858 612 2912 tibi
629 2859 698 2911 mira
715 2860 744 2911 et
760 2856 888 2924 jucunda,
908 2858 932 2910 si
940 2858 1019 2910 simul
1034 2873 1163 2910 essemus.
1191 2856 1330 2910 Postremo

153 2945 205 3000 hac
224 2961 306 2999 causa
324 2945 401 2999 finita
420 2945 578 3000 dimissurus
598 2950 640 3000 est
657 2947 796 3014 Principes
807 2945 935 3011 Carolus,
945 2945 974 2998 id
992 2945 1063 3014 qnod
1081 2961 1158 3014 spero
1177 2942 1331 3012 propediem

152 3032 275 3092 futurum
293 3051 360 3094 esse.

242 3122 307 3177 Fuit
325 3123 370 3179 hic
388 3124 509 3178 Bucerns
529 3141 545 3177 a
564 3123 677 3178 Caesare
696 3126 807 3177 vocatus
824 3125 852 3176 et
865 3122 1198 3191 gessitsepulcherrime.
1218 3122 1331 3188 Vellem,

154 3211 178 3263 si
194 3210 254 3264 fiori
271 3215 370 3280 posset,
391 3215 422 3264 nt
439 3212 467 3264 in
485 3213 580 3265 itinere
600 3213 816 3275 conveniremus;
836 3228 890 3264 non
899 3203 1086 3281 poeniterette
1097 3211 1225 3280 colloquii
1234 3211 1331 3275 nostri,

152 3303 197 3354 sat
222 3301 286 3357 ecio.
329 3300 443 3354 Proinde
469 3304 500 3355 tu
525 3318 573 3371 pro
597 3305 645 3355 tua
670 3300 814 3370 prudentia
839 3300 871 3353 de
897 3301 940 3354 bis
965 3301 1046 3354 rebus
1074 3301 1209 3367 cogitabis
1235 3302 1264 3352 et
1288 3316 1332 3351 me

154 3391 265 3446 amabis.
302 3390 443 3458 Augustae
463 3390 505 3443 13.
525 3390 633 3459 Aprilis.
671 3389 919 3445 Annoetc.1548.

571 3478 598 3548 [Ῑ.
618 3478 683 3534 oben
704 3477 739 3536 C.
759 3478 819 3533 255.
839 3477 910 3546 258]

375 3744 407 3816 8.
430 3744 506 3831 slot.
529 3745 678 3836 asarota
702 3762 743 3817 aa
767 3743 869 3833 deora
891 3761 951 3816 aaa
974 3744 1105 3830 itabat.
1157 3760 1216 3816 oct.
1237 3761 1333 3815 reesa

530 3869 647 3938 [ornant.
666 3868 755 3936 arara
774 3883 806 3938 aa
824 3867 960 3936 geroam)

245 4009 386 4064 Illustriss.
412 4010 533 4081 Principi
555 4027 588 4065 ac
612 4011 647 4064 D.
670 4010 704 4065 D.
730 4010 844 4077 Georgio
869 4010 1022 4079 praeposito
1047 4009 1280 4078 Magdeburgensi
1303 4014 1334 4065 et

155 4097 276 4166 Principi
294 4099 323 4151 in
341 4098 446 4152 Anhalt
464 4103 515 4154 etc.
543 4101 656 4153 Domino
676 4115 723 4152 suo
743 4098 959 4157 clementissimo.
988 4098 1129 4153 illustriss.
1148 4100 1281 4169 Princeps
1300 4116 1333 4154 ac

157 4309 167 4354 ἰ
210 4239 229 4288 1)
243 4240 350 4292 wiberat
364 4241 401 4284 bea
416 4240 506 4286 baudra
521 4241 565 4285 mir
582 4240 632 4293 norb
647 4241 779 4294 accubitati
797 4241 911 4294 mitescent
929 4247 972 4284 aaa
986 4241 1056 4294 caru
1076 4241 1139 4294 broi.
1154 4240 1194 4281 Dr.
1210 4240 1252 4294 ab.
1267 4240 1334 4286 nolte

169 4319 183 4353 a
198 4310 315 4364 wirsburg.
