2924 4882
462 315 819 380 ¹-347—

109 491 178 547 Dne.
214 489 282 544 Cum
300 490 354 542 mei
372 505 477 544 summa
496 490 735 545 commendatione.
769 492 831 544 Non
849 493 925 562 potui
944 493 1017 547 aliud
1034 494 1063 547 in
1080 494 1128 546 illa
1147 495 1287 550 celeritate

109 580 145 633 ad
170 596 195 633 v.
221 579 358 634 illustriss.
385 577 454 632 Cels.
481 580 598 633 scribere
621 581 675 634 nisi
700 597 768 650 quae
794 579 894 635 referet
912 580 1095 636 Cancellarius
1121 581 1289 638 Clementiae·

109 672 225 734 restrae,
251 669 411 737 praesertim
436 684 498 722 cum
516 667 594 722 hodie
620 669 763 723 draconem
786 669 989 736 confecerimus,
1017 672 1064 740 qui
1082 675 1167 739 nogat
1186 674 1286 740 omnia,

109 775 180 827 quae
198 757 241 811 his
259 757 425 826 temporibus
444 755 572 810 divimtus
590 774 640 827 per
657 758 806 812 Lutherum
824 758 962 828 patefacta
980 764 1053 815 sunt.

184 847 209 914 1)
227 847 429 900 Stankarus
456 862 484 900 n.
513 845 621 915 quidam
648 847 814 901 Mantuanus
840 847 918 902 home
943 849 1052 902 minime
1079 849 1175 916 bonus,
1203 850 1283 904 home

110 935 259 1004 versipellis
285 936 343 987 sine
368 933 466 988 iudicio
492 936 643 1004 scripturae
670 939 698 989 et
723 937 901 990 certaminum
919 938 1100 1006 spiritualium
1125 939 1165 991 sic
1185 939 1287 993 sentit:

111 1023 237 1080 Christus
256 1027 299 1077 est
316 1023 449 1077 Mediator
466 1027 559 1078 noster
578 1024 726 1078 secundum
744 1025 890 1080 humanam
908 1029 1034 1080 naturam
1053 1029 1169 1082 tantum.

183 1114 209 1181 2)
228 1113 285 1166 Nos
311 1129 404 1167 sumus
426 1112 495 1181 justi
518 1129 572 1166 non
598 1114 737 1167 essentiali
758 1113 868 1184 justitia
892 1115 952 1182 Dei,
978 1115 1026 1168 sed
1048 1115 1158 1184 justitia
1183 1115 1289 1171 Chrieti

111 1202 228 1263 bominis
247 1202 340 1256 creati.
1248 1214 1253 1220 ⁴

183 1292 210 1360 3)
228 1291 359 1345 Ereautie
374 1289 497 1358 justitiae
516 1289 621 1344 divinae
641 1295 684 1344 est
702 1295 810 1346 tantum
828 1291 977 1346 secundum
989 1293 1186 1347 humanitatem
1204 1292 1288 1347 facta.

183 1380 211 1448 4)
229 1379 282 1445 Qui
300 1379 379 1432 aliter
397 1379 520 1435 senense
542 1383 608 1433 sunt
631 1381 756 1436 omnibus
783 1382 911 1448 gentibus
938 1381 1091 1448 deteriores,
1110 1400 1173 1436 nam
1192 1385 1289 1450 gentes

111 1469 217 1523 iaciunt
235 1484 296 1521 suos
307 1469 377 1522 Deos
393 1469 566 1534 immortales,
585 1469 625 1522 illi
642 1486 705 1523 vero
723 1469 828 1525 iaciunt
836 1471 924 1523 Deum
943 1487 1022 1524 suum
1037 1471 1177 1524 mortalem
1195 1473 1290 1525 contra

114 1560 247 1612 rationem
265 1560 293 1611 et
311 1574 421 1610 sensum
440 1573 618 1612 communem.

183 1648 210 1715 5)
228 1646 281 1712 Qui
304 1645 401 1699 dicunt
426 1645 566 1700 Christum
593 1663 652 1700 esse
679 1647 854 1701 mediatorem
880 1664 999 1717 passum,
1026 1652 1170 1714 mortuum,
1200 1665 1289 1702 resur-

111 1737 221 1802 rexisse,
249 1735 403 1788 ascendisse
431 1736 460 1788 in
488 1736 599 1802 coelum,
628 1736 720 1790 sedere
748 1735 783 1790 ad
809 1736 931 1790 dextram
956 1738 1042 1806 patris
1071 1741 1100 1790 et
1123 1737 1289 1791 intercedere

112 1842 161 1895 pro
186 1824 262 1878 nobis
288 1823 436 1877 secundum
461 1827 605 1893 utramque
629 1828 762 1890 naturam,
789 1824 818 1878 hi
840 1826 988 1894 lequuntur
1007 1828 1101 1879 centra
1119 1827 1289 1895 scripturam,

13 1916 15 1920 ⁴
112 1917 220 1968 sanctes
247 1916 347 1982 patres,
376 1916 470 1966 contra
497 1911 619 1966 docteres
640 1914 823 1968 scholasticos.
869 1914 942 1968 Nam
969 1931 1057 1984 neque
1086 1914 1221 1984 scriptura
1249 1915 1288 1968 sic

112 2004 242 2072 loquitur,
268 2018 319 2056 nec
343 2003 414 2055 ullus
439 2001 578 2056 hominum
596 2003 635 2056 sic
653 2003 761 2056 locutus
780 2006 823 2056 est
840 2020 968 2072 unquam.
1005 2004 1041 2056 Et
1066 2004 1105 2057 sic
1124 2003 1288 2071 Eutichiani,

113 2092 267 2146 Manichaei
286 2094 315 2144 et
332 2091 523 2144 Valentiniani.
1188 2162 1190 2164 η

184 2181 221 2233 Hi
232 2183 297 2234 sunt
305 2180 407 2233 halitus
426 2180 505 2233 istius
525 2180 636 2246 bestiae,
656 2196 723 2249 quos
742 2181 866 2234 evomuit.
896 2181 948 2234 Sed
967 2181 1020 2234 erit
1037 2182 1200 2249 gratiaDeo‚
1220 2180 1291 2249 qued
1336 2196 1337 2201 ¹

112 2273 209 2324 contra
226 2270 293 2322 talia
312 2271 432 2322 monstra
451 2268 616 2323 conficienda
624 2269 825 2338 proponendum
844 2271 888 2335 ait,
908 2272 940 2322 ut
958 2269 1115 2323 conficiatur
1132 2273 1290 2324 monstrum.

185 2358 261 2412 Haec
280 2361 352 2424 sunt,
372 2375 441 2427 quae
460 2374 509 2410 nos
527 2358 659 2411 hactenus
679 2358 806 2411 sollicites
825 2358 986 2413 habuerant.
1024 2358 1077 2413 Sed
1095 2375 1159 2426 rogo
1179 2359 1209 2413 T.
1229 2358 1289 2413 Cle·

113 2448 250 2514 mantiam,
277 2451 308 2500 ut
333 2446 425 2500 audiat
447 2447 534 2514 magis
553 2447 633 2513 laeta,
659 2438 740 2515 quam
759 2446 791 2516 (l)
809 2448 912 2501 habent
936 2447 1048 2515 gloriam
1074 2448 1140 2504 Dei:
1166 2447 1289 2502 Caesaris
1326 2432 1327 2435 Ἴ

113 2537 219 2591 animus
238 2536 272 2590 ad
290 2537 403 2604 gloriam
412 2537 463 2590 Dei
480 2535 668 2590 illustrandam
687 2539 808 2589 mutatus
827 2539 870 2589 est
888 2536 1024 2603 divinitus,
1043 2537 1070 2590 id
1088 2537 1159 2606 quod
1178 2537 1289 2607 deprae-

113 2626 202 2680 dicare
227 2642 276 2679 nos
301 2628 425 2695 oporteat
448 2626 477 2678 in
495 2625 617 2679 Ecclesia
641 2642 749 2693 magna.
793 2624 953 2679 Commendo
972 2643 1014 2680 me
1033 2629 1096 2679 tuae
1116 2625 1289 2693 Clementiae,

113 2718 233 2785 quantus
252 2718 370 2783 quantus
389 2731 456 2769 sum.
493 2715 565 2768 Nam
583 2714 650 2768 haec
670 2714 773 2783 scripsi,
797 2718 830 2767 ut
847 2714 1029 2782 significarem
1053 2716 1136 2768 animi
1153 2717 1206 2768 mei
1225 2731 1291 2782 erga

114 2804 200 2859 Tuam
219 2802 287 2858 Cels.
307 2803 486 2857 obedientiam
504 2806 533 2856 et
551 2803 726 2870 vigilantiam.
771 2801 896 2856 Christus
908 2807 1056 2879 conservet
1073 2807 1149 2857 tuam
1168 2803 1290 2858 Clemen-

114 2893 189 2958 tiam,
208 2893 282 2945 Deus
301 2896 362 2962 opt:
381 2893 521 2958 maximus,
540 2893 567 2945 in
587 2896 725 2946 aeternam
743 2892 866 2947 salutem.

523 2981 552 3034 T.
573 2980 603 3035 C.
997 2980 1040 3035 dd.

968 3070 1057 3124 Joan
1081 3069 1255 3138 Agricola

1057 3159 1174 3214 Isleben.

491 3228 590 3299 [ltetgt.
614 3229 679 3285 eben
699 3228 735 3287 (Ξ.
754 3229 915 3298 acc-308]

275 3494 305 3568 9.
339 3494 441 3584 dcere
456 3494 632 3584 bottelaer
646 3512 686 3568 eu
699 3493 822 3585 blitea
837 3495 1068 3583 meleredense.
1106 3512 1291 3580 canusso.

411 3617 503 3689 [Calpe.
523 3618 660 3675 aureolae.
697 3619 761 3674 Cod.
780 3619 832 3674 886
851 3619 896 3675 fel.
915 3620 994 3689 aab]

206 3763 301 3819 Cottae
320 3761 412 3818 Caute
431 3763 485 3816 aab
504 3761 594 3828 &stete
613 3762 685 3830 botre
704 3761 799 3829 ualere
817 3762 902 3830 {seren
918 3761 1029 3830 {terium
1040 3761 1178 3828 deultum.
1197 3760 1292 3818 (betica

116 3854 169 3909 aab
190 3851 301 3907 hilerim
321 3849 409 3919 &aba
447 3849 539 3908 linea
575 3849 783 3921 coaptatae
797 3851 863 3919 herr
881 3853 935 3906 unt
955 3850 1102 3920 hirtceptet,
1121 3849 1156 3919 ide
1175 3850 1240 3906 leon
1258 3849 1291 3907 e.

117 3939 202 3997 aaa.
222 3939 287 4007 nitbt
305 3939 444 4008 eerboltec,
464 3938 513 4006 bol}
532 3939 566 4008 ta
585 3939 653 4008 bttte
672 3941 804 4010 penideret,
825 3941 1027 4009 biepropoeitio,
1047 3939 1293 4008 Quedboneopera

117 4031 182 4083 sunt
204 4029 357 4082 necessaria
381 4027 439 4096 lebt
464 4027 491 4097 io
516 4028 589 4095 eure
614 4029 708 4096 antean
727 4028 820 4099 tetigere
844 4029 944 4084 hoctor
962 4026 1090 4095 better
1109 4027 1234 4097 prespicui
1252 4043 1292 4083 ers

117 4117 204 4184 baben
223 4117 283 4185 lein.
321 4116 364 4178 Cn
384 4116 470 4184 tabee
489 4116 531 4186 litt
550 4118 655 4176 aru-mo
672 4117 784 4186 boulen,
811 4118 850 4172 bie
869 4116 951 4184 bielen
970 4116 1065 4172 batilei
1083 4116 1219 4184 celebres,
1238 4117 1292 4174 aab

116 4205 172 4276 lupe
192 4205 268 4274 dud),
287 4205 336 4272 bele
356 4204 526 4262 (litlebec
544 4205 706 4274 ldiernicbto
724 4205 925 4275 rnebtptebigee
941 4205 1007 4261 loun
1019 4205 1049 4260 in
1064 4204 1292 4274 obonbrebigtuo
1351 4230 1354 4232 ’

116 4297 184 4356 bean
203 4294 253 4363 bol]
272 4297 342 4350 bona
360 4311 441 4365 opera
459 4312 512 4351 uon
532 4297 597 4350 sunt
614 4295 792 4361 neccessarie,
819 4294 863 4362 bct
882 4293 941 4364 autb
963 4293 1057 4362 unietu
1076 4293 1203 4362 hommes
1222 4291 1292 4352 Cur*
