2924 4882
356 1567 464 1671 1105
495 1568 749 1676 Agricolas
777 1569 1103 1677 ffiriefmedtel.

437 1889 461 1962 1.
509 1889 612 1980 teoto
634 1891 783 1978 teutone
807 1890 1029 1980 011111τί010.
1111 1907 1137 1961 1.
1147 1907 1223 1975 aeut.
1238 1906 1317 1960 1525.

192 2013 265 2084 [Cod.
285 2015 395 2082 Erlang.
414 2014 484 2069 1665
502 2013 547 2068 fol.
566 2014 617 2068 21).
655 2014 796 2084 &augment
814 2015 843 2070 tu
862 2013 926 2069 Cod.
945 2012 1025 2070 Goth.
1041 2013 1111 2068 1048
1129 2013 1174 2067 fol.
1193 2012 1272 2082 eeu]

231 2157 285 2211 Suo
309 2156 339 2210 in
363 2158 476 2211 Domino
501 2156 580 2211 fratri
605 2158 742 2211 carissimo
767 2158 799 2212 D.
819 2157 937 2211 Johanni
962 2156 1105 2224 Agricolae
1123 2157 1248 2222 Eislebio‚
1268 2157 1319 2208 Dei

140 2246 205 2299 viro.
242 2244 363 2300 Gratiam
389 2249 418 2300 et
442 2263 536 2317 pacem
561 2263 610 2316 per
635 2245 781 2300 Christum.
828 2245 902 2312 Quae
927 2263 981 2300 non
1006 2249 1062 2299 tam
1085 2246 1173 2299 Lucas
1200 2248 1265 2298 tuus
1289 2245 1319 2298 in

139 2335 266 2389 Sueviam
284 2334 455 2405 profecturus
474 2336 649 2405 conqueritur
666 2352 747 2404 quam
766 2338 806 2403 tu,
824 2335 863 2388 mi
881 2335 1002 2389 amiciss:
1021 2335 1106 2389 Joan:
1125 2333 1260 2402 Agricola,
1279 2335 1319 2387 sic

139 2425 242 2493 excepi,
268 2427 300 2477 ut
324 2424 393 2477 nihil
416 2440 525 2494 prorsus
551 2425 661 2478 timeam
680 2425 784 2489 Lucae;
810 2427 918 2478 tantum
941 2423 1008 2477 mihi
1026 2427 1085 2477 tum
1103 2423 1136 2476 de
1154 2425 1240 2493 patre,
1260 2425 1318 2476 tum

138 2511 174 2564 de
199 2511 254 2566 filio
276 2511 437 2582 jampridem
462 2513 596 2583 polliceor.
651 2512 727 2579 Quod
752 2515 777 2566 si
800 2514 895 2566 timere
921 2530 974 2567 non
1003 2512 1112 2580 desinis,
1140 2512 1268 2582 quicquid
1290 2510 1319 2565 id

139 2600 232 2668 fuerit,
250 2602 279 2654 in
298 2618 370 2656 meos
389 2602 514 2656 humeros
525 2603 779 2671 quantuloscunqus
798 2601 873 2670 rejici
891 2619 945 2656 non
964 2603 1097 2670 gravatim
1114 2603 1212 2672 patiar.
1240 2600 1318 2655 Modo

138 2689 209 2743 bono
228 2691 265 2743 sis
285 2692 381 2758 anime,
400 2690 476 2745 modo
495 2692 596 2745 Lucam
620 2692 649 2744 in
667 2691 805 2760 publicum
823 2691 975 2761 protrudas.
1012 2691 1103 2762 Atque
1126 2691 1231 2744 utinam
1248 2689 1319 2744 idem

139 2779 170 2832 in
187 2779 333 2846 Matthaeo‚
352 2780 444 2834 Marco
470 2783 499 2833 et
523 2781 647 2834 Johanns
670 2784 717 2834 tuo
736 2779 849 2850 adsequi
866 2782 974 2850 possim.
1012 2781 1064 2835 Vir
1082 2781 1155 2834 enim
1173 2779 1246 2832 aliud
1262 2777 1318 2847 jam

138 2868 227 2935 magis
252 2869 281 2921 in
306 2869 374 2922 votis
399 2869 494 2923 habeo.
540 2870 612 2923 Nam
629 2870 699 2923 lecto
717 2886 805 2939 nuper
822 2873 870 2922 tuo
888 2870 917 2922 in
936 2886 1001 2940 cap:
1019 2869 1092 2923 XVI.
1112 2869 1211 2922 Matth.
1231 2869 1318 2922 Scolio

138 2957 180 3010 sic
199 2957 275 3026 coepi
293 2957 344 3011 hoc
369 2961 471 3026 optare,
497 2961 529 3011 ut
552 2958 622 3012 nihil
640 2974 731 3027 supra.
774 2959 875 3012 Verum
894 2958 1000 3028 quando
1019 2959 1070 3011 hoe
1088 2957 1203 3011 fortasse
1222 2957 1259 3010 sit
1276 2958 1318 3011 ni-

139 3046 232 3112 mium,
256 3045 309 3100 hoc
335 3047 432 3100 saltem
457 3062 510 3113 oro,
541 3064 575 3100 ne
601 3049 720 3115 graveris
743 3047 810 3100 mihi
834 3049 942 3101 mittere
966 3047 1160 3101 Adnotationes
1186 3050 1248 3100 tuas
1277 3047 1319 3099 vel

140 3134 312 3188 brevissimas
338 3139 476 3206 utcunque
501 3136 628 3190 collectas
653 3137 682 3189 in
701 3136 898 3204 Evangelistas,
924 3137 1023 3206 quibus
1042 3153 1133 3190 carere
1152 3139 1238 3205 potes,
1256 3152 1317 3205 pro-

138 3222 258 3297 pediem¹
272 3227 360 3277 sertas
385 3227 473 3278 tectas
502 3224 536 3277 ad
561 3227 589 3278 te
608 3224 750 3279 rediturae.
796 3225 873 3278 Nihil
903 3226 975 3279 enim
1006 3225 1073 3280 mihi
1097 3225 1203 3292 gratius
1226 3224 1317 3292 facies,

140 3310 208 3364 nihil
233 3313 352 3381 optatius
378 3313 532 3381 contigerit.
568 3315 642 3367 Bene
667 3314 725 3366 vale
752 3331 814 3368 cum
831 3331 914 3368 uxore
936 3318 964 3369 et
988 3315 1080 3368 liberis
1106 3317 1135 3368 et
1158 3314 1246 3367 Deum
1271 3330 1318 3368 ora

138 3415 189 3469 pro
207 3401 293 3455 nobis.
330 3401 437 3456 Cursim
463 3400 553 3456 Galen.
590 3402 719 3456 Februar.
744 3403 783 3459 M.
801 3404 835 3458 D.
858 3405 942 3458 XXV.
983 3403 1111 3457 Rescribe
1137 3418 1237 3473 quaeso
1263 3402 1316 3472 [ne]

140 3487 243 3543 diutius
262 3490 345 3544 animi
362 3491 501 3560 pendeam.
1002 3491 1034 3547 G.
1054 3493 1281 3562 Spoletinus.

576 3579 604 3649 [l.
623 3580 688 3635 eben
708 3579 744 3637 (ὅ.
762 3581 806 3635 36.
825 3580 878 3650 lo]

400 3882 429 3954 2.
475 3879 556 3971 lilii.
578 3882 800 3971 atlaloodttoo
824 3899 864 3955 ou
886 3882 1046 3972 Antonio.
1137 3899 1317 3956 10115301

516 4006 590 4077 [coe.
609 4006 690 4062 coen.
710 4007 780 4062 1048
798 4006 843 4062 for.
863 4007 941 4077 eon]

229 4149 294 4201 Viro
312 4150 412 4218 optimo
431 4151 464 4203 D.
483 4149 602 4203 Johanni
619 4148 763 4217 Agricolae
781 4150 880 4203 Isleblo
899 4150 983 4203 amico
1002 4165 1105 4203 summo
1124 4166 1146 4204 s.
1165 4149 1191 4204 d.

229 4237 393 4291 Humaniter
411 4239 459 4292 abs
478 4238 679 4304 tefactumest,
698 4238 770 4309 quod
780 4239 903 4293 redeunti
922 4237 956 4292 ad
973 4255 1022 4292 nos
1041 4238 1203 4292 Andreae
1222 4239 1316 4292 literas

137 4324 175 4378 ad
192 4342 235 4379 me
253 4325 359 4382 dedisti.
395 4328 436 4380 De
461 4327 592 4397 Apologia
617 4331 645 4381 te
671 4329 752 4382 etiam
770 4331 852 4399 atque
871 4329 954 4381 etiam
978 4344 1032 4395 oro,
1051 4328 1158 4399 siquid
1175 4331 1317 4397 repereris,
