2924 4882
559 314 805 378 -345-

95 483 205 554 Optime
224 485 285 539 nale
304 503 366 540 cum
384 502 464 540 uxore
490 503 520 540 ec
538 489 639 555 liberis,
658 492 687 542 et
703 507 737 543 ne
756 490 808 543 tibi
826 492 1041 545 commendatum
1063 493 1141 546 habe.
1178 493 1272 547 Subito

96 573 251 628 Stendaliae
269 575 298 627 in
316 573 434 644 profesto
452 576 564 630 Joennis
582 579 723 648 Baptistae
741 577 820 633 Anno
839 579 917 634 1543.

622 667 653 721 Τ.
672 667 699 721 h.
719 667 846 722 deditiss:
884 669 1033 723 Thomas
1052 669 1236 725 Matthias.

187 752 217 806 Si
241 768 352 819 gener
375 757 440 806 tuus
463 754 515 808 hac
538 757 642 809 aestate
665 755 700 809 ad
724 759 751 809 te
777 756 947 827 proiecturus
975 761 1024 824 est,
1051 775 1096 812 ero
1124 759 1149 812 ei
1167 759 1272 812 itineris

95 856 195 907 comes,
214 857 278 894 nam
302 843 581 913 praeterquamquod
607 845 706 914 alioqui
730 848 821 899 tecum
839 847 955 917 colloqui
973 848 1060 916 cupio,
1089 850 1139 915 est,
1159 864 1208 901 cnr
1226 850 1273 902 tuo

95 930 209 983 consilio
228 930 377 985 1111111111.
415 932 536 986 Salutem
554 936 616 1003 opto
635 934 668 988 D.
688 932 862 989 Cancellarlo.

187 1019 318 1072 Doctrina
336 1019 436 1073 virtute
455 1037 487 1074 ac
505 1022 607 1090 pictate
626 1023 774 1076 clarissimo
792 1024 825 1077 D.
835 1024 909 1092 Mag.
925 1024 1022 1078 Joanni
1041 1025 1147 1091 Islebio‚
1167 1025 1275 1080 docenti

98 1107 318 1176 Euangeliumin
336 1109 509 1164 aulaIllustr.
528 1112 662 1180 Principis
681 1111 812 1165 Electoris
823 1113 1082 1180 Brandeburgensis,
1101 1113 1207 1168 domino
1225 1128 1275 1169 suo

95 1197 231 1251 11111111
250 1199 328 1252 unice
348 1199 465 1253 colendo.

562 1270 589 1339 [l.
609 1272 674 1326 oben
694 1271 729 1329 Θ.
748 1272 819 1340 221]

336 1551 364 1627 6.
401 1554 510 1628 huus
534 1555 692 1629 1111111111
716 1539 854 1643 11311.
877 1558 1036 1648 laureto.
1069 1575 1112 1631 18.
1123 1577 1184 1632 aec.
1195 1576 1275 1632 1541.

493 1679 884 1751 [mmmmm

190 1819 285 1875 Gratia
302 1824 393 1875 tecum
418 1826 447 1876 et
474 1840 526 1892 par
544 1839 592 1892 per
618 1821 764 1877 Christum.
800 1824 884 1877 Venit
901 1825 935 1878 ad
955 1841 1008 1890 vos,
1027 1825 1110 1878 Islebi
1129 1825 1275 1891 carissime,

98 1907 242 1963 'Cunradus
268 1927 284 1963 a
309 1911 502 1978 Virtheim,
532 1913 679 1965 communis
711 1915 803 1965 noster
828 1914 930 1966 amicus
959 1917 987 1967 11
1013 1913 1098 1967 frater
1125 1930 1200 1967 meus
1228 1929 1277 1982 per

97 1998 189 2052 omnia
208 2000 371 2065 carissimus,
390 2002 511 2068 legatum
533 2002 640 2054 nomine
658 2001 815 2070 Principum
842 2006 995 2056 nostrorum
1014 2019 1106 2070 agens.
1143 2003 1182 2055 Ea
1200 2003 1228 2055 in
1247 2018 1276 2054 re

101 2090 133 2140 ut
150 2087 189 2140 illi
207 2090 293 2157 prosis
312 2088 430 2158 adeoque
449 2091 587 2157 negotium
605 2090 678 2143 illius
697 2089 769 2158 apud
787 2091 1026 2144 clementissimum
1036 2094 1114 2145 tuum
1123 2091 1277 2159 Principem

101 2192 265 2245 promoveas,
284 2194 332 2247 per
350 2181 467 2232 veterem
485 2182 605 2232 nostram
614 2179 759 2232 amicitiam
777 2183 804 2232 to
823 2195 896 2247 rogo.
925 2180 978 2233 Sed
996 2180 1068 2250 quid,
1087 2180 1125 2233 mi
1139 2178 1275 2246 Agricola,

101 2265 131 2319 in
149 2266 191 2319 his
210 2267 298 2320 turbis
318 2270 346 2320 et
363 2268 525 2321 tumultibus
536 2267 616 2335 agis?
635 2268 871 2334 Quemtibifincm
880 2268 976 2322 horum
985 2272 1106 2322 motuum
1121 2267 1276 2338 polliceris?

103 2353 182 2408 Certe
202 2356 224 2408 si
243 2355 314 2409 idern
332 2359 396 2409 tuus
415 2359 459 2411 cst
477 2358 583 2410 animus
598 2373 629 2410 ac
645 2374 729 2423 meus,
749 2374 803 2426 qua
813 2357 844 2410 de
855 2374 884 2410 re
894 2358 962 2410 nihil
972 2357 1073 2423 dubito,
1091 2357 1147 2426 jam
1166 2357 1277 2410 dubium

100 2460 156 2498 non
175 2447 225 2510 est,
244 2445 310 2513 quin
328 2445 358 2498 in
376 2463 479 2499 summo
498 2447 580 2499 animi
599 2446 686 2499 dolore
714 2447 827 2499 verseris
847 2463 878 2500 ac
906 2463 968 2500 cum
986 2447 1103 2501 Jeremia
1121 2447 1277 2499 lamenteris

103 2532 256 2600 „Quomodo
275 2534 351 2587 sedet
369 2535 425 2588 sola
444 2536 565 2589 civitas.“

191 2622 260 2675 Vere
280 2623 359 2690 enim,
378 2624 431 2677 nisi
449 2624 579 2677 Dominus
598 2625 776 2694 composuerit
794 2624 842 2677 hos
862 2627 959 2691 motus,
979 2624 1011 2678 de
1021 2625 1149 2678 Ecclesiis
1168 2624 1277 2690 nostris,

101 2710 135 2764 de
154 2712 313 2765 rectioribus
332 2712 429 2766 studiis
448 2717 477 2766 et
495 2711 655 2767 Germanica
672 2714 798 2767 libertate
818 2717 909 2766 actum
928 2716 978 2767 est.
1006 2714 1064 2781 Ego
1074 2714 1102 2767 in
1116 2713 1167 2766 hac
1178 2712 1278 2766 ditione

97 2799 157 2868 jam
175 2801 214 2854 ite
240 2801 511 2870 superintendentem
535 2818 594 2869 ago,
620 2805 653 2855 ut
676 2818 776 2871 paucos
795 2802 907 2856 habeam
930 2803 1064 2856 intereos
1084 2801 1278 2871 quiEoclesiis

104 2888 151 2958 [et]
171 2889 275 2943 Scholia
294 2893 432 2959 praesunt,
458 2891 505 2959 qui
530 2890 602 2944 dicto
621 2891 761 2945 audientes
780 2892 842 2957 sint,
863 2908 1025 2960 quamquam
1049 2907 1126 2960 spero
1144 2890 1278 2959 Principis

103 2979 156 3031 mei
175 2978 319 3032 adventum
337 2980 426 3032 omnia
444 2980 511 3033 11111
530 2983 722 3034 correcturum.
755 2980 830 3047 Rogo
849 2983 940 3033 autem
958 2982 995 3044 te,
1014 2982 1046 3032 ut
1062 2979 1130 3033 haec
1149 2979 1280 3032 scribenti

103 3067 229 3120 brevibus
248 3069 345 3137 (neque
355 3068 426 3120 enirn
435 3071 582 3138 perpetuus
593 3070 676 3122 animi
685 3069 737 3121 mei
747 3068 820 3122 dolor
829 3068 902 3121 aliud
911 3069 986 3135 sinit)
1002 3069 1107 3137 copiose
1117 3066 1278 3136 respondeas

103 3159 133 3208 11
150 3173 216 3209 num
233 3159 308 3225 pacis
328 3173 402 3210 amor
411 3157 533 3210 alicunde
550 3158 679 3225 effulgeat
697 3158 842 3225 significes.
870 3158 931 3211 Soio
950 3174 982 3210 ea
1000 3158 1051 3210 tibi
1069 3156 1190 3223 indicari,
1210 3172 1279 3226 quae

104 3243 182 3299 nobis
201 3249 331 3315 perpetuo
349 3247 444 3314 ignota
462 3249 535 3300 sunt.

194 3334 372 3388 Eustachium
397 3352 413 3388 a
436 3336 627 3389 Schlieben
652 3338 680 3388 et
704 3335 838 3388 Adamum
865 3352 881 3388 a
904 3335 1071 3388 Trottum
1088 3333 1115 3403 (1)
1140 3349 1206 3402 quos
1230 3349 1280 3400 ego

105 3422 193 3477 adhuc
211 3426 277 3493 puto
292 3441 350 3477 esso
369 3425 397 3477 in
413 3427 491 3477 tanta
507 3425 626 3478 omnium
638 3440 727 3477 rerum
746 3427 774 3476 et
790 3425 939 3478 animorum
951 3423 1146 3492 permutatione
1165 3424 1279 3487 nostros,

103 3529 137 3564 11
156 3530 197 3565 me
216 3516 369 3566 reverenter
388 3514 526 3568 salutabis.
554 3514 590 3567 Et
609 3531 650 3566 me
670 3529 776 3582 semper
793 3517 871 3566 tuum
889 3512 1012 3566 futurum
1032 3512 1082 3565 tibi
1097 3510 1279 3580 persuadebis.

104 3601 141 3655 Et
159 3617 209 3670 par
226 3601 345 3671 profecto
365 3605 414 3668 est,
434 3619 495 3656 cum
513 3603 686 3671 prognostica
704 3601 784 3670 hujus
804 3603 868 3656 anni
891 3603 980 3655 omnia
999 3600 1182 3654 studiosurum
1200 3600 1281 3666 vulgo

105 3691 191 3744 multa
208 3691 374 3745 incommoda
393 3695 421 3744 et
445 3691 516 3744 maia
541 3692 685 3756 minentur,
706 3693 737 3743 ut
762 3689 949 3758 conjunctione
969 3691 1118 3744 animorum
1136 3691 1164 3742 11
1181 3687 1281 3741 indesi-

104 3781 233 3834 nentibus
252 3781 378 3850 precibus
397 3780 431 3833 ad
449 3797 481 3834 11
499 3797 547 3833 111
566 3796 766 3849 praeparemus.
802 3779 834 3832 Id
853 3780 924 3832 enim
947 3779 1092 3846 agentibus
1111 3777 1184 3830 haud
1203 3776 1281 3829 dubie

105 3869 179 3921 Dens
203 3868 346 3939 aliquando
371 3869 503 3938 propitius
530 3871 558 3922 et
583 3868 676 3922 dexter
699 3868 792 3921 aderit.
836 3868 909 3921 Bene
933 3868 1000 3933 vale,
1019 3867 1056 3920 mi
1074 3866 1164 3930 Islebi‚
1193 3868 1222 3918 11
1239 3880 1281 3917 me

105 3961 235 4027 perpetuo
254 3975 314 4012 ama
333 3958 516 4011 redamantem
534 3961 561 4011 te
580 3957 700 4011 mirifice.
737 3957 777 4009 Ex
795 3956 1023 4023 Vuillinghausen
1041 3957 1117 4010 sexta
1135 3953 1203 4028 feria
1221 3955 1282 4022 post

105 4046 205 4100 Luciae
223 4047 267 4101 46.
670 4046 700 4099 Τ.
863 4044 1038 4098 Antonius
1058 4043 1245 4098 Corvinus.

194 4136 356 4190 Doctissimo
375 4151 407 4189 ac
425 4135 617 4189 humanissimo
635 4136 691 4188 viro
710 4135 809 4188 Joanni
826 4134 924 4187 Islebio
933 4133 1083 4200 Agricolae,
1103 4131 1235 4200 Episcopo
1253 4130 1283 4183 in

104 4224 295 4279 Marchionatu
311 4225 442 4278 Electoris
458 4225 593 4294 primario,
609 4225 722 4277 Domino
731 4222 812 4276 fratri
821 4222 868 4292 [ot]
880 4223 965 4276 amico
978 4223 1058 4288 longe
1068 4220 1205 4273 carissimo
1224 4234 1281 4272 suo.

569 4313 596 4382 [l.
616 4312 681 4368 eben
702 4311 737 4369 Θ.
756 4311 827 4380 221]
